@ARTICLE{Das:DE,
AUTHOR = "Swagatam Das and Ponnuthurai Nagaratnam Suganthan",
TITLE = "Differential Evolution: A Survey of the State-of-the-Art",
JOURNAL = "IEEE Transactions on Evolutionary Computation",
VOLUME = {15},
NUMBER = {1},
MONTH = "February",
YEAR = {2011}
}

@ARTICLE {Konak:GA,
AUTHOR = "Abdullah Konak and David W. Coit and Alice E. Smith",
TITLE = "Multi-objective optimization using genetic algorithms: A tutorial",
JOURNAL = "Reliability Engineering and System Safety",
VOLUME = {91},
MONTH = "January",
YEAR = {2006}
}

@INPROCEEDINGS{DEMO,
    author = {Tea Robic and Bogdan Filipic},
    title = {DEMO: Differential Evolution for multiobjective optimization},
    booktitle = {In Proceedings of the 3rd International Conference on Evolutionary MultiCriterion Optimization (EMO 2005)},
    year = {2005},
    pages = {520--533},
    publisher = {Springer. LNCS}
}

@BOOK{LOL,
  author = {Barski, Conrad},
  publisher = {No Starch Press, Inc.},
  title = {Land of Lisp : learn to program in Lisp, one game at a time!},
  year = 2011
}